<?xml version="1.0" encoding="UTF-8"?><collection xmlns="http://www.loc.gov/MARC21/slim"><record><leader>00731nam--2200205-u-4500</leader><controlfield tag="001">000053434</controlfield><controlfield tag="002">20161230</controlfield><controlfield tag="005">20170205003204</controlfield><controlfield tag="008">110404s1000------------r-----000-0-eng-d</controlfield><datafield ind1=" " ind2=" " tag="020"><subfield code="a">8323500665</subfield></datafield><datafield ind1=" " ind2=" " tag="040"><subfield code="a">IFIN-HH</subfield></datafield><datafield ind1=" " ind2=" " tag="080"><subfield code="a">514(82:84:88):530.14</subfield></datafield><datafield ind1="1" ind2=" " tag="100"><subfield code="a">Schlichenmaier, Martin</subfield></datafield><datafield ind1="1" ind2="0" tag="245"><subfield code="a">Coherent states, quantization and gravity</subfield><subfield code="b">Proceedings of the XVII workshop on geometric methods in physics, Bialowieza, July 3-9, 1998</subfield><subfield code="c">S. Schlichenmaier; A. Strasburger; S. Twareque Ali; A. Odzijewicz (eds.)</subfield></datafield><datafield ind1=" " ind2=" " tag="260"><subfield code="a">Warszawa</subfield><subfield code="b">Wydawnictwa Uniwersytetu Warszawskiego</subfield><subfield code="c">2001</subfield></datafield><datafield ind1=" " ind2=" " tag="300"><subfield code="a">344 p</subfield></datafield><datafield ind1=" " ind2=" " tag="490"><subfield code="a">Proceedings</subfield></datafield><datafield ind1="1" ind2=" " tag="700"><subfield code="a">Odzijewicz, Anatol</subfield><subfield code="e">Ed</subfield></datafield><datafield ind1=" " ind2=" " tag="852"><subfield code="a">81777</subfield><subfield code="c">530.145</subfield></datafield><datafield ind1=" " ind2=" " tag="CAT"><subfield code="a">SYS</subfield><subfield code="c">20170205</subfield><subfield code="h">003204</subfield></datafield></record></collection>